@misc{SenseHat,
    howpublished={\url{https://www.raspberrypi.org/documentation/hardware/sense-hat/README.md}}
    note = {Accessed: 2017-10-09}}
@book{MagpiSenseHat, 
      title={Experiment with the sense hat sense the real world with
      your Raspberry Pi}, publisher={Raspberry Pi}, year={2016}}
@misc{SenseHat-API,
    howpublished={\url{https://pythonhosted.org/sense-hat/}},
    note = {Accessed: 2017-10-09}}
@manual{DS18B20,
    organization  = "Maxim Integrated Products Inc."
    title         = "DS18B20 Programmable Resolution 1-Wire Digital Thermometer",
    number        = "DS18B20",
    year          =  2013,
    month         =  4,    
    note = {Revision 042208}
    }
