@misc{pinout,
    howpublished={\url{https://www.pinout.xyz}},
    year = {2017},
    note = {Accessed: 2017-10-09}}
@misc{RaspberryPi,
      howpublished={\url{https://www.raspberrypi.org}},
    year = {2017},
    note = {Accessed: 2017-10-09}}
@misc{SenseHat,
    howpublished={\url{https://www.raspberrypi.org/documentation/hardware/sense-hat/README.md}},
    year = {2017},
    note = {Accessed: 2017-10-09}}
@book{MagpiSenseHat, 
      title={Experiment with the sense hat sense the real world with
      your Raspberry Pi}, publisher={Raspberry Pi}, author={MagPi Editors}, year={2016}}
@misc{SenseHat-API,
    howpublished={\url{https://pythonhosted.org/sense-hat/}},
    year = {2017},
    note = {Accessed: 2017-10-09}}
@misc{habpi-code,
    howpublished={\url{https://github.com/pngwen/habpi}},
    title={HabPI Code Repository},
    year ={2017}
}
@manual{DS18B20,
    organization  = {Maxim Integrated Products Inc.},
    title         = {DS18B20 Programmable Resolution 1-Wire Digital Thermometer},
    number        = {DS18B20},
    year          =  {2013},
    note = {Revision 042208}
    }
@manual{LSM9DS1,
    organization = {ST Microelectronics},
    title = {LSM9DS1 iNEMO inertial module: 3D accelerometer, 3D gyroscope, 3D magnetometer},
    number={LSM9DS1},
    year = {2015},
    note = {Revision 3}
    }
@manual{HTS221,
    organization = {ST Microelectronics},
    title={HTS221 Capacitive digital sensor for relative humidity and temperature},
    year = {2016},
    note = {Revision 4}
    }
@manual{LPS25H,
    organization = {ST Microelectronics},
    title={LPS25H MEMS Pressure sensor},
    year = {2016},
    note = {Revision 5}
    }

