@article{dejarnette,
  title={America's children: Providing early exposure to STEM (science, technology, engineering and math) initiatives},
  author={DeJarnette, Nancy},
  journal={Education},
  volume={133},
  number={1},
  pages={77--84},
  year={2012},
  publisher={Project Innovation}
}

@article{kennedy,
  title={Engaging students in STEM education.},
  author={Kennedy, TJ and Odell, MRL},
  journal={Science Education International},
  volume={25},
  number={3},
  pages={246--258},
  year={2014},
  publisher={ERIC}
}

@article{lowe,
  title={HabPi: An Open Source Extensible Framework for High Altitude Balloons},
  author={Lowe, Robert},
  journal={AHAC},
  year={2017}
}